@article{einstein,
  author =       "Albert Einstein",
  title =        "{Zur Elektrodynamik bewegter K{\"o}rper}. ({German})
                 [{On} the electrodynamics of moving bodies]",
  journal =      "Annalen der Physik",
  volume =       "322",
  number =       "10",
  pages =        "891--921",
  year =         "1905",
}

@book{latexcompanion,
    author    = "Michel Goossens and Frank Mittelbach and Alexander Samarin",
    title     = "The \LaTeX\ Companion",
    year      = "1993",
    publisher = "Addison-Wesley",
    address   = "Reading, Massachusetts"
}
 
@misc{valveBlog,
    author    = "Michael Abrash",
    title     = "Valve: How I Got Here, What It’s Like, and What I’m Doing",
    url       = "http://blogs.valvesoftware.com/abrash/valve-how-i-got-here-what-its-like-and-what-im-doing-2/",
    year = "2012"
}

@article{unsworth2010employees,
  title={Why do employees undertake creative action?},
  author={Unsworth, Kerrie L and Clegg, Chris W},
  journal={Journal of occupational and organizational psychology},
  volume={83},
  number={1},
  pages={77--99},
  year={2010},
  publisher={Wiley Online Library}
}

@article{debruyne2005competitor,
  title={Competitor see, competitor do: Incumbent entry in new market niches},
  author={Debruyne, Marion and Reibstein, David J},
  journal={Marketing Science},
  volume={24},
  number={1},
  pages={55--66},
  year={2005},
  publisher={INFORMS}
}

@article{king2002incumbent,
  title={Incumbent entry into new market niches: The role of experience and managerial choice in the creation of dynamic capabilities},
  author={King, Andrew A and Tucci, Christopher L},
  journal={Management science},
  volume={48},
  number={2},
  pages={171--186},
  year={2002},
  publisher={INFORMS}
}

@article{boehm1988spiral,
  title={A spiral model of software development and enhancement},
  author={Boehm, Barry W.},
  journal={Computer},
  volume={21},
  number={5},
  pages={61--72},
  year={1988},
  publisher={IEEE}
}

@inproceedings{may2012applying,
  title={Applying Lean Startup: An Experience Report--Lean \& Lean UX by a UX Veteran: Lessons Learned in Creating \& Launching a Complex Consumer App},
  author={May, Beverly},
  booktitle={Agile Conference (AGILE), 2012},
  pages={141--147},
  year={2012},
  organization={IEEE}
}

@inproceedings{liikkanen2014lean,
  title={Lean UX: the next generation of user-centered agile development?},
  author={Liikkanen, Lassi A and Kilpi{\"o}, Harri and Svan, Lauri and Hiltunen, Miko},
  booktitle={Proceedings of the 8th Nordic Conference on Human-Computer Interaction: Fun, Fast, Foundational},
  pages={1095--1100},
  year={2014},
  organization={ACM}
}

@misc{valveScrum,
    author    = "Clinton Keith",
    title     = "Valve's Culture, Self-Organization and Scrum",
    url       = "http://blog.agilegamedevelopment.com/2012/04/valves-culture-self-organization-and.html",
    year = "2012"
}

@article{denning2012agile,
  title={How Agile can transform manufacturing: the case of Wikispeed},
  author={Denning, Stephen},
  journal={Strategy \& Leadership},
  volume={40},
  number={6},
  pages={22--28},
  year={2012},
  publisher={Emerald Group Publishing Limited}
}
@article{Wikispeed,
  author =       "Martin Kupp  and Linus Dahlander and Eric Morrow ",
  title =        "Team Wikispeed: Developing  hardware the software way ",
  year =         "2013",
}

@misc{handbookValve,
    author    = "ValvePress",
    title     = "Valve handbook for new employees",
    url       = "\url{http://www.valvesoftware.com/company/Valve_Handbook_LowRes.pdf}",
    year = "2012"
}

